<?xml version='1.0' encoding='utf-8'?>
<record xmlns="http://www.loc.gov/MARC21/slim" xmlns:xsi="http://www.w3.org/2001/XMLSchema-instance">
  <leader>00000npcaa22^^^^^^a^4500</leader>
  <controlfield tag="001">012444117</controlfield>
  <controlfield tag="005">20130808094934.0</controlfield>
  <controlfield tag="008">130807i19532011miu^^^^^^^^^^^^^^^^^eng^d</controlfield>
  <datafield tag="035" ind1=" " ind2=" ">
    <subfield code="a">(OCoLC)857403828</subfield>
  </datafield>
  <datafield tag="040" ind1=" " ind2=" ">
    <subfield code="a">MiU-H</subfield>
    <subfield code="c">MiU-H</subfield>
    <subfield code="e">dacs</subfield>
  </datafield>
  <datafield tag="110" ind1="2" ind2=" ">
    <subfield code="a">Washtenaw County (Ship)</subfield>
  </datafield>
  <datafield tag="245" ind1="1" ind2="0">
    <subfield code="a">USS Washtenaw County records,</subfield>
    <subfield code="f">1953-1973 and 2011.</subfield>
  </datafield>
  <datafield tag="300" ind1=" " ind2=" ">
    <subfield code="a">2 linear feet.</subfield>
  </datafield>
  <datafield tag="546" ind1=" " ind2=" ">
    <subfield code="a">In English.</subfield>
  </datafield>
  <datafield tag="545" ind1="1" ind2=" ">
    <subfield code="a">The USS Washtenaw County (LST 1166) was commissioned October 29, 1953. She was the most highly decorated ship of the Vietnam War, supporting the Mobile Riverine Forces, providing naval gunfire support, and acting as a transfer station for the wounded. At the end of the war, the Washtenaw County took part in "Operation Endsweep" to clear Haiphong Harbor of mines. She was officially deactivated on August 30, 1973. A memorial including the Washtenaw County's ship's bell, ribbon board, and other artifacts is displayed in the Washtenaw County Administration Building in Ann Arbor, Mich., and has been designated Washtenaw County Historic District No. 1.</subfield>
  </datafield>
  <datafield tag="520" ind1=" " ind2=" ">
    <subfield code="a">The collection consists of copies of the ship's deck logs, 1953-1973 with an index; copies of command history reports, 1951-1973, with service ribbons and commendations; copy of personnel diary, 1969; and copies of newspaper clippings. Also included are two pamphlets and a newspaper clipping of the rededication of the memorial in 2011, and a DVD containing a documentary on the construction of the memorial and its rededication, as well as raw footage of the rededication ceremony.</subfield>
  </datafield>
  <datafield tag="506" ind1=" " ind2=" ">
    <subfield code="a">The collection is open for research use.</subfield>
  </datafield>
  <datafield tag="500" ind1=" " ind2=" ">
    <subfield code="a">Donor: 6012 and 10916.</subfield>
  </datafield>
  <datafield tag="584" ind1=" " ind2=" ">
    <subfield code="a">Further accruals are not expected.</subfield>
  </datafield>
  <datafield tag="650" ind1=" " ind2="0">
    <subfield code="a">Historic districts</subfield>
    <subfield code="z">Michigan</subfield>
    <subfield code="z">Washtenaw County.</subfield>
  </datafield>
  <datafield tag="650" ind1=" " ind2="0">
    <subfield code="a">Vietnam War, 1961-1975</subfield>
    <subfield code="x">Naval operations, American.</subfield>
  </datafield>
  <datafield tag="610" ind1="2" ind2="0">
    <subfield code="a">Washtenaw County (Ship)</subfield>
  </datafield>
  <datafield tag="655" ind1=" " ind2="7">
    <subfield code="a">DVDs.</subfield>
    <subfield code="2">aat</subfield>
  </datafield>
  <datafield tag="852" ind1="8" ind2=" ">
    <subfield code="a">MiU-H</subfield>
    <subfield code="b">BENT</subfield>
    <subfield code="h">2013076 Ca 2</subfield>
  </datafield>
  <datafield tag="997" ind1=" " ind2=" ">
    <subfield code="a">MARS</subfield>
  </datafield>
  <datafield tag="955" ind1=" " ind2=" ">
    <subfield code="b">BENT</subfield>
    <subfield code="p">B6122267</subfield>
  </datafield>
</record>
